<?xml version="1.0" encoding="UTF-8"?><collection xmlns="http://www.loc.gov/MARC21/slim"><record><leader>00486nam--2200145-i-4500</leader><controlfield tag="001">000015174</controlfield><controlfield tag="002">20161230</controlfield><controlfield tag="005">20161230201031</controlfield><controlfield tag="008">060222s1000------------r-----000-0-eng-d</controlfield><datafield ind1=" " ind2=" " tag="080"><subfield code="a">541.10:530.145.6</subfield></datafield><datafield ind1=" " ind2=" " tag="100"><subfield code="a">Daudel, Raymond</subfield></datafield><datafield ind1=" " ind2=" " tag="245"><subfield code="a">The fundamentals of theoretical chemistry wave mechanics applied to the study of atoms and mo lecules.foreword by louis de broglie</subfield></datafield><datafield ind1=" " ind2=" " tag="260"><subfield code="a">Oxford, Pergamon, Press, 1956. Xx + 211 P</subfield></datafield><datafield ind1=" " ind2=" " tag="700"><subfield code="a">Wilson, J.M., And Watts, R.E</subfield></datafield><datafield ind1=" " ind2=" " tag="852"><subfield code="a">77377</subfield></datafield></record></collection>